@article{VouillonBalat13,
  title={From bytecode to javascript: the js\_of\_ocaml compiler},
  author={Vouillon, J{\'e}r{\^o}me and Balat, Vincent},
  journal={Software: Practice and Experience},
  year={2013},
  publisher={Wiley Online Library}
}

@inproceedings{Lamkanfi+13,
    author    = {Ahmed Lamkanfi and Javier Perez and Serge Demeyer},
    title     = {The Eclipse and Mozilla Defect Tracking Dataset: 
        a Genuine Dataset for Mining Bug Information},
    booktitle = {MSR'13: Proceedings of the 10th Working Conference on Mining Software Repositories, 
        May 18--19, 2013. San Francisco, California, USA},
    year      = {2013},
}

@article{Lazer+2014,
  title={The parable of google flu: traps in big data analysis},
  author={Lazer, David M and Kennedy, Ryan and King, Gary and Vespignani, Alessandro},
  year={2014},
  publisher={American Association for the Advancement of Science (AAAS)}
}

@inproceedings{Shahriyar+12,
 author = {Shahriyar, Rifat and Blackburn, Stephen M. and Frampton, Daniel},
 title = {Down for the Count?  Getting Reference Counting Back in the Ring},
 booktitle = {Proceedings of the 2012 International Symposium on Memory Management},
 series = {ISMM '12},
 year = {2012},
 isbn = {978-1-4503-1350-6},
 location = {Beijing, China},
 pages = {73--84},
 numpages = {12},
 url = {http://doi.acm.org/10.1145/2258996.2259008},
 doi = {10.1145/2258996.2259008},
 acmid = {2259008},
 publisher = {ACM},
 address = {New York, NY, USA},
 keywords = {garbage collection, java, memory management, reference counting},
} 

@inproceedings{Blackburn+06,
 author = {Blackburn, Stephen M. and Garner, Robin and Hoffmann, Chris and Khang, Asjad M. and McKinley, Kathryn S. and Bentzur, Rotem and Diwan, Amer and Feinberg, Daniel and Frampton, Daniel and Guyer, Samuel Z. and Hirzel, Martin and Hosking, Antony and Jump, Maria and Lee, Han and Moss, J. Eliot B. and Phansalkar, Aashish and Stefanovi\'{c}, Darko and VanDrunen, Thomas and von Dincklage, Daniel and Wiedermann, Ben},
 title = {The DaCapo Benchmarks: Java Benchmarking Development and Analysis},
 booktitle = {Proceedings of the 21st Annual ACM SIGPLAN Conference on Object-oriented Programming Systems, Languages, and Applications},
 series = {OOPSLA '06},
 year = {2006},
 isbn = {1-59593-348-4},
 location = {Portland, Oregon, USA},
 pages = {169--190},
 numpages = {22},
 url = {http://doi.acm.org/10.1145/1167473.1167488},
 doi = {10.1145/1167473.1167488},
 acmid = {1167488},
 publisher = {ACM},
 address = {New York, NY, USA},
 keywords = {DaCapo, Java, SPEC, benchmark, methodology},
} 

@inproceedings{Teng12,
  title={Kernel-Assisted MPI Collective Communication among Many-core Clusters},
  author={Ma, Teng},
  booktitle={Cluster, Cloud and Grid Computing (CCGrid), 2012 12th IEEE/ACM International Symposium on},
  pages={741--745},
  year={2012},
  organization={{IEEE}}
}

@inproceedings{Putigny+14,
  title={Analysis of MPI Shared-Memory Communication Performance from a Cache Coherence Perspective},
  author={Putigny, Bertrand and Ruelle, Benoit and Goglin, Brice and others},
  booktitle={The 15th IEEE International Workshop on Parallel and Distributed Scientific and Engineering Computing (PDSEC 2014), held in conjunction with IPDPS},
  year={2014}
}

@inproceedings{Phothilimthana14,
  title={Chlorophyll: synthesis-aided compiler for low-power spatial architectures},
  author={Phothilimthana, Phitchaya Mangpo and Jelvis, Tikhon and Shah, Rohin and Totla, Nishant and Chasins, Sarah and Bodik, Rastislav},
  booktitle={Proceedings of the 35th ACM SIGPLAN Conference on Programming Language Design and Implementation},
  pages={42},
  year={2014},
  organization={ACM}
}

@article{Grochowski06,
  title={Energy per instruction trends in Intel microprocessors},
  author={Grochowski, Ed and Annavaram, Murali},
  journal={Technology@ Intel Magazine},
  volume={4},
  number={3},
  pages={1--8},
  year={2006}
}